<record><leader>00000cas a2200000 a 4500</leader><controlfield tag="001">11216135</controlfield><controlfield tag="008">841001c19789999ksuwr ne      0   a0eng d</controlfield><controlfield tag="009">3789</controlfield><datafield ind1=" " ind2=" " tag="010"><subfield code="a">sn 84030157 </subfield></datafield><datafield ind1=" " ind2=" " tag="040"><subfield code="a">KSH</subfield><subfield code="b">eng</subfield><subfield code="c">KSH</subfield><subfield code="d">NPT</subfield><subfield code="d">OCL</subfield></datafield><datafield ind1=" " ind2=" " tag="042"><subfield code="a">msc</subfield></datafield><datafield ind1="0" ind2=" " tag="130"><subfield code="a">Moline advance (Moline, Kan. : 1978)</subfield></datafield><datafield ind1="0" ind2="4" tag="245"><subfield code="a">The Moline advance.</subfield></datafield><datafield ind1=" " ind2=" " tag="260"><subfield code="a">Moline, Kan. :</subfield><subfield code="b">[s.n.],</subfield><subfield code="c">1978-</subfield></datafield><datafield ind1=" " ind2=" " tag="300"><subfield code="a">v. :</subfield><subfield code="b">ill. ;</subfield><subfield code="c">57 cm.</subfield></datafield><datafield ind1=" " ind2=" " tag="310"><subfield code="a">Weekly</subfield></datafield><datafield ind1="0" ind2=" " tag="362"><subfield code="a">Vol. 67, no. 22 (June 1, 1978)-</subfield></datafield><datafield ind1=" " ind2=" " tag="500"><subfield code="a">Published by Sam and Mary Shade, Nov. 16, 1978- .</subfield></datafield><datafield ind1=" " ind2=" " tag="752"><subfield code="a">United States</subfield><subfield code="b">Kansas</subfield><subfield code="c">Elk</subfield><subfield code="d">Moline.</subfield></datafield><datafield ind1="0" ind2="0" tag="780"><subfield code="t">Elk County reporter</subfield><subfield code="w">(DLC)sn 84030158</subfield></datafield></record>